@misc{ornl_roadmap,
   title = {{U.S. Department of Energy and Cray to Deliver Record-Setting Frontier Supercomputer at ORNL}},
   author = {Morgan L McCorkle },
   year = {2019},
   month = {May},
   url = {https://www.ornl.gov/news/us-department-energy-and-cray-deliver-record-setting-frontier-supercomputer-ornl},
   howpublished = {https://www.ornl.gov/news/us-department-energy-and-cray-deliver-record-setting-frontier-supercomputer-ornl},
   keywords  = {exascale, next platform, amd, },
}

@misc{llnl_roadmap,
   title = {{U.S. Department of Energy and Cray to Deliver Record-Setting Frontier Supercomputer at ORNL}},
   author = {Tiffany Trader},
   year = {2019},
   month = {August},
   url = {https://www.hpcwire.com/2019/08/13/cray-wins-nnsa-livermore-el-capitan-exascale-award},
   howpublished = {https://www.hpcwire.com/2019/08/13/cray-wins-nnsa-livermore-el-capitan-exascale-award},
   keywords  = {exascale, next platform, },
}

@misc{snl_roadmap,
   title = {{The Roadmap Ahead For Exascale HPC In The US}},
   author = {Timothy Prickett Morgan},
   year = {2018},
   month = {March},
   url = {https://www.nextplatform.com/2018/03/06/roadmap-ahead-exascale-hpc-us},
   howpublished = {https://www.nextplatform.com/2018/03/06/roadmap-ahead-exascale-hpc-us},
   keywords  = {exascale, next platform},
}

@misc{sst,
   title = {{The Structural Simulation Toolkit: A Tool for Bridging the Architectural/Microarchitectural Evaluation Gap}},
   author = {Arun Rodrigues and Richard Murphy and Peter Kogge and Keith Underwood},
   year = {2004},
   howpublished = {Internal Report {SAND2004-6238C}},
   keywords = {SAND2004-6238C},
   url={http://sst.sandia.gov},
   }

@misc{sst_gpgpu,
   title = {{SST-GPU: An Execution-Driven CUDA Kernel Scheduler and Streaming-Multiprocessor Compute Model}},
   author = {Mahmoud Khairy and Mengchi Zhang and Roland Green and Simon David Hammond and Robert J. Hoekstra and Timothy Rogers and Clayton Hughes},
   year = {2019},
   howpublished = {Internal Report {SAND2019-1967}},
   keywords = {SAND2019-1967},
   url={https://cfwebprod.sandia.gov/cfdocs/CompResearch/templates/insert/pubs.cfm},
}

@misc{gpgpu_sim,
   title = {{GPGPU-Sim 3.x Manual}},
   author = {Tor M. Aamodt and Wilson W. L. Fung and Inderpreet Singh and Ahmed El-Shafiey and Jimmy Kwa and Tayler Hetherington and Ayub Gubran and Andrew Boktor and Tim Rogers and Ali Bakhoda and Hadi Jooybar},
   year = {2016},
   month = {June},
   url = {http://gpgpu- sim.org/manual/index.php/Main},
   howpublished = {http://gpgpu- sim.org/manual/index.php/Main},
   keywords  = {GPGPU-Sim, simulator, GPGPU},
}

@misc{kokkos_kernels,
   author = {Christian Trott and Mark Hoemmen and Mehmet Deveci and Kyungjoo Kim},
   title = {{Kokkos C++ Performance Portability Programming EcoSystem: Math Kernels - Provides BLAS, Sparse BLAS and Graph Kernels}},
   year = {2019},
   publisher = {GitHub},
   journal = {GitHub repository},
   url = {https://github.com/kokkos/kokkos-kernels},
   howpublished = {https://github.com/github/open-source-survey},
   commit = {94456cf9099e3dcdd9bfb91a86a09a4f77a246d7},
}

@techreport{v100,
   title={{NVIDIA Volta V100 White Paper}},
   institution = {Nvidia},
   year      = {2017},
   keywords  = {v100, volta},
   url = {http://images.nvidia.com/content/volta-architecture/pdf/volta-architecture-whitepaper.pdf},
}

@techreport{p100,
   title={{NVIDIA Tesla P100 White Paper}},
   institution = {Nvidia},
   year      = {2016},
   keywords  = {p100, pascal},
   url = {https://images.nvidia.com/content/pdf/tesla/whitepaper/pascal-architecture-whitepaper.pdf},
}

@inproceedings{healy2017,
   author = {Michael B. Healy and Seokin Hong},
   title = {{CramSim: Controller and Memory Simulator}},
   booktitle = {Proceedings of the International Symposium on Memory Systems},
   series = {MEMSYS '17},
   year = {2017},
   isbn = {978-1-4503-5335-9},
   location = {Alexandria, Virginia},
   pages = {83--85},
   numpages = {3},
   url = {http://doi.acm.org/10.1145/3132402.3132408},
   doi = {10.1145/3132402.3132408},
   acmid = {3132408},
   publisher = {ACM},
   address = {New York, NY, USA},
   keywords = {DRAM, memory, simulator},
}

@inproceedings{rodinia_5306797,
   author={Shuai {Che} and Michael {Boyer} and Jiayuan {Meng} and David {Tarjan} and Jeremy W. {Sheaffer} and Sang-Ha {Lee} and Kevin {Skadron}},
   booktitle={2009 IEEE International Symposium on Workload Characterization (IISWC)},
   title={{Rodinia: A Benchmark Suite for Heterogeneous Computing}},
   year={2009},
   volume={},
   number={},
   pages={44-54},
   keywords={parallel programming;heterogeneous computing;Rodinia-a benchmark suite;multicore CPU platform;multicore GPU platform;Berkeleys dwarf taxonomy;parallel communication pattern;synchronization technique;power consumption;memory-bandwidth limitation;data layout;parallel program;Kernel;Multicore processing;Parallel processing;Application software;Yarn;Benchmark testing;Central Processing Unit;Energy consumption;Microprocessors;Computer architecture},
   doi={10.1109/IISWC.2009.5306797},
   ISSN={},
   month={Oct},
}

@inproceedings{rodinia_5650274,
   author={Shuai {Che} and Jeremy W. {Sheaffer} and Michael {Boyer} and Lukasz G. {Szafaryn} and {Liang Wang} and Kevin {Skadron}},
   booktitle={IEEE International Symposium on Workload Characterization (IISWC'10)},
   title={{A Characterization of the Rodinia Benchmark Suite with Comparison to Contemporary CMP Workloads}},
   year={2010},
   volume={},
   number={},
   pages={1-11},
   keywords={computer graphics;coprocessors;principal component analysis;Rodinia benchmark suite;contemporary CMP workloads;GPU;graphics processors unit;NVIDIA GeForce GTX480;Parsec;principal component analysis;space coverage;Benchmark testing;Graphics processing unit;Instruction sets;Computational fluid dynamics;Computer architecture;Kernel;Heart},
   doi={10.1109/IISWC.2010.5650274},
   ISSN={},
   month={Dec},
}

@techreport{lulesh:spec,
   title = {{Hydrodynamics Challenge Problem, Lawrence Livermore National Laboratory}},
   author={Hornung, R.D. and and Keasler, J.A. and Gokhale, M.B.},
   institution={Lawrence Livermore National Laboratory, CA, United States},
   number = {LLNL-TR-490254},
   location = {Livermore, CA, United States},
   pages = {1-17},
   year={2011}
}

@techreport{lulesh:changes,
   author = {Karlin, I. and Keasler, J.A. and Neely, J.R.},
   title = {{LULESH 2.0 Updates and Changes}},
   number = {LLNL-TR-641973},
   institution={Lawrence Livermore National Laboratory, Livermore, CA, United States},
   location = {Livermore, CA},
   pages = {1-9},
   year = {2013},
   month = {August}
}

@INPROCEEDINGS{booksim,
   author={ {Nan Jiang} and D. U. {Becker} and G. {Michelogiannakis} and J. {Balfour} and B. {Towles} and D. E. {Shaw} and J. {Kim} and W. J. {Dally}},
   booktitle={2013 IEEE International Symposium on Performance Analysis of Systems and Software (ISPASS)},
   title={{A Detailed and Flexible Cycle-Accurate Network-on-Chip Simulator}},
   year={2013},
   volume={},
   number={},
   pages={86-96},
   keywords={network routing;network-on-chip;cycle-accurate network-on-chip simulator;NoC architectures;modern microprocessors;BookSim;simulation flexibility;network components;modular design;configurable network parameters;topology algorithm;flow control;router microarchitecture;buffer management;allocation schemes;RTL implementations;Routing;Pipelines;Network topology;Topology;Resource management;Microarchitecture;Delays},
   doi={10.1109/ISPASS.2013.6557149},
   ISSN={},
   month={April},
}
