@misc{snl_roadmap,
  title = {The Roadmap Ahead For Exascale HPC In The US},
  author = {Timothy Prickett Morgan},
  year = {2018},
  month = {March},
  url = {https://www.nextplatform.com/2018/03/06/roadmap-ahead-exascale-hpc-us},
  howpublished = {https://www.nextplatform.com/2018/03/06/roadmap-ahead-exascale-hpc-us},
  keywords  = {exascale, next platform},
}

@misc{sst,
  title = {The Structural Simulation Toolkit: A Tool for Bridging the Architectural/Microarchitectural Evaluation Gap},
  author = {Arun Rodrigues and Richard Murphy and Peter Kogge and Keith Underwood},
  year = {2004},
  howpublished = {Internal Report {SAND2004-6238C}},
  keywords = {SAND2004-6238C},
  url={http://sst.sandia.gov},
}

@misc{gpgpu_sim,
  title = {GPGPU-Sim 3.x Manual},
  author = {Tor M. Aamodt and Wilson W. L. Fung and Inderpreet Singh and Ahmed El-Shafiey and Jimmy Kwa and Tayler Hetherington and Ayub Gubran and Andrew Boktor and Tim Rogers and Ali Bakhoda and Hadi Jooybar},
  year = {2016},
  month = {June},
  url = {http://gpgpu- sim.org/manual/index.php/Main},
  howpublished = {http://gpgpu- sim.org/manual/index.php/Main},
  keywords  = {GPGPU-Sim, simulator, GPGPU},
}

@misc{kokkos_kernels,
  author = {Christian Trott and Mark Hoemmen and Mehmet Deveci and Kyungjoo Kim},
  title = {Kokkos C++ Performance Portability Programming EcoSystem: Math Kernels - Provides BLAS, Sparse BLAS and Graph Kernels},
  year = {2019},
  publisher = {GitHub},
  journal = {GitHub repository},
  url = {https://github.com/kokkos/kokkos-kernels},
  howpublished = {https://github.com/github/open-source-survey},
  commit = {94456cf9099e3dcdd9bfb91a86a09a4f77a246d7},
}

@techreport{v100,
  title={Volta V100 White Paper},
  institution = {Nvidia},
  year      = {2017},
  keywords  = {v100, volta},
  url = {http://images.nvidia.com/content/volta-architecture/pdf/volta-architecture-whitepaper.pdf},
}

@inproceedings{healy2017,
 author = {Michael B. Healy and Seokin Hong},
 title = {CramSim: Controller and Memory Simulator},
 booktitle = {Proceedings of the International Symposium on Memory Systems},
 series = {MEMSYS '17},
 year = {2017},
 isbn = {978-1-4503-5335-9},
 location = {Alexandria, Virginia},
 pages = {83--85},
 numpages = {3},
 url = {http://doi.acm.org/10.1145/3132402.3132408},
 doi = {10.1145/3132402.3132408},
 acmid = {3132408},
 publisher = {ACM},
 address = {New York, NY, USA},
 keywords = {DRAM, memory, simulator},
}

